@misc{regex_vm_approach,
  author = {Russ Cox},
  year = {2009},
  title = {Regular Expression Matching: the Virtual Machine Approach},
  howpublished = {\url{https://swtch.com/~rsc/regexp/regexp2.html}}
  }